@book{gtds,
  title={Mathematical theory of the Goddard trajectory determination system},
  author={Cappellari, JO and V{\'e}lez, CE and Fuchs, Arthur J},
  volume={71106},
  year={1976},
  publisher={Goddard Space Flight Center}
}

@techreport{caraHandbook,
  title={Nasa spacecraft conjunction assessment and collision avoidance best practices handbook},
  author={Krage, Frederic J},
  year={2023}
}

@manual{SFSHandbook,
  title={SPACEFLIGHT SAFETY HANDBOOK FOR SATELLITE OPERATORS},
  organization={18th and 19th Space Defense Squadron},
  note={Available at \url{https://www.space-track.org/documents/SFS_Handbook_For_Operators_V1.7.pdf}},
  year={2023}
}

@article{hall2021expected,
  title={Expected collision rates for tracked satellites},
  author={Hall, Doyle T},
  journal={Journal of Spacecraft and Rockets},
  volume={58},
  number={3},
  pages={715--728},
  year={2021},
  publisher={American Institute of Aeronautics and Astronautics}
}

@inproceedings{hall2018high,
  title={High fidelity collision probabilities estimated using brute force monte carlo simulations},
  author={Hall, Doyle T and Casali, Stephen J and Johnson, Lauren C and Skrehart, Brent B and Baars, Luis G},
  booktitle={AAS/AIAA Astrodynamics Specialist Conference},
  number={GSFC-E-DAA-TN58551},
  year={2018}
}
